% Use this file for citations not found in the ACL Anthology (contained in "anthology.bib").

@inproceedings{tian20202,
  title={Early detection of rumours on twitter via stance transfer learning},
  author={Tian, Lin and Zhang, Xiuzhen and Wang, Yan and Liu, Huan},
  booktitle={European Conference on Information Retrieval},
  pages={575--588},
  year={2020},
  organization={Springer}
}

@inproceedings{kwon20132,
  title={Prominent features of rumor propagation in online social media},
  author={Kwon, Sejeong and Cha, Meeyoung and Jung, Kyomin and Chen, Wei and Wang, Yajun},
  booktitle={2013 IEEE 13th international conference on data mining},
  pages={1103--1108},
  year={2013},
  organization={IEEE}
}

@inproceedings{wu20152,
  title={False rumors detection on sina weibo by propagation structures},
  author={Wu, Ke and Yang, Song and Zhu, Kenny Q},
  booktitle={2015 IEEE 31st international conference on data engineering},
  pages={651--662},
  year={2015},
  organization={IEEE}
}